@book{fundamentals,
    author =       "James Henry Carmouche",
    title =        "IPsec Virtual Private Network Fundumentals",
    publisher =    "Cisco Press",
    pages =        "480",
    year =         "2006",
}
 
@misc{cis,
    author    = "CARNet CERT",
    title     = "Osnovni koncepti VPN tehnologije",
    year      = "2003",
    note      = "\url{https://www.cis.hr/www.edicija/LinkedDocuments/CCERT-PUBDOC-2003-02-05.pdf}"
}
